@book{kelley2017general,
  author    = {Kelley, John L.},
  title     = {General Topology},
  publisher = {Dover Publications},
  year      = {2017}
}
@book{kelley2017general,
  author    = {Lima, Elon L.},
  title     = {Espaços Métricos},
  publisher = {IMPA},
  year      = {2005}
}
